

@article{young2009fisica,
  title={F{\'\i}sica IV: {\'o}tica e f{\'\i}sica moderna},
  author={Young, Hugh D and Freedman, Roger A},
  journal={12{\textordmasculine} edi{\c{c}}{\~a}o. Editora},
  year={2009}
}

@book{difranco2004radar,
  title={Radar detection},
  author={DiFranco, Julius and Rubin, Bill},
  year={2004},
  publisher={The Institution of Engineering and Technology}
}

@misc{Radar,
 title   ={Radar Basics},
 url   ={http://www.radartutorial.eu/11.coherent/co06.en.html={AbnTeX}},
 urlaccessdate={03 jun. 2019}
}

@book{Richards,
  title	={Principles of modern radar},
  author	={Richards, Mark A and Scheer, Jim and Holm, William A and Melvin, William L},
  year	={2010},
  series={3th},
  pages=299,
  publisher={Citeseer}
}


@misc{RDS,
 title   ={Dispositivo de Rádio Definido por Software},
 url   ={http://www.ni.com/pt-br/support/model.usrp-2901.html={AbnTeX}},
 urlaccessdate={03 jun. 2019}
}

@book{Skolnikh,
  title={Introduction to radar systems},
  author={Skolnikh, Merrill I},
  year={1962},
  publisher={McGraw-Hill Book Company}
}

@misc{NRF24,
 title   ={lib_nrf24},
 url   ={https://github.com/BLavery/lib_nrf24/blob/master/lib_nrf24.py},
 urlaccessdate={27 mai. 2019}
 }

@misc{CONTRAN,
 title   ={Resolução do CONTRAN 396/11},
 url   ={https://www.denatran.gov.br/download/Resolucoes/RESOLUCAO_CONTRAN_396_11.pdf},
 urlaccessdate={29 mai. 2019}
 }

@misc{CTB,
 title   ={Código de Trânsito Brasileiro},
 url   ={http://www.planalto.gov.br/ccivil_03/leis/l9503.htm},
 urlaccessdate={29 mai. 2019}
 }
 
 @article{Localisation,
  title={Improved license plate localisation algorithm based on morphological operations},
  author={Yepez, Juan and Ko, Seok-Bum},
  journal={IET Intelligent Transport Systems},
  volume={12},
  number={6},
  pages={542--549},
  year={2018},
  publisher={IET}
}

@book{Gonzalez,
  title={	Digital Image Processing},
  author={ Gonzalez, Rafael C. and Woods, Richard E.},
  year={2007},
  publisher={Pearson}
}

@misc{DNIT,
 title   ={Contagem contínua - DNIT},
 url   ={http://servicos.dnit.gov.br/dadospnct/ContagemContinua},
   year = 2019,
  Org-Short = {DNIT},
 urlaccessdate={12 mar. 2019}
 }

@misc{HTTP,
 title   = {Status codes HTTP},
 url   ={https://www.iana.org/assignments/http-status-codes/http-status-codes.xhtml},
  year = 2019,
  Org-Short = {IANA},
 urlaccessdate={02 jun. 2019}
 }

@misc{Doppler,
 title   = {Doppler- Effect},
 url   ={http://www.radartutorial.eu/11.coherent/co06.en.html},
 year = 2019,
  Org-Short = {radartutorial.eu},
 urlaccessdate={02 jun. 2019}
 }



 @article{GNURadio,
  title={Implementation of a GNU radio and python FMCW radar toolkit},
  author={Themba W. Mathumo ; Theo G. Swart ; Richard W. Focke},
  journal={IEEE Xplorer},
  volume={12},
  number={6},
  pages={585 - 590},
  year={2017},
  publisher={IET}
}

@book{beer,
 
 author  ={Beer e R. Johston},
 publisher={Mc Grill-Hall},
 title   ={Resist\^encia dos Materiais},
 series  ={2th},
 year ={1989}
}

@misc{bateria185,
 title   ={Bateria Estacionária 115Ah Heliar Freedom},
 url     ={https://www.google.com/search?q=bateria+185+estacionaria+freedom&rlz=1C1CHZL_pt-BRBR770BR770&oq=bateria+185+estacionaria+freedom&aqs=chrome..69i57.16815j0j7&sourceid=chrome&ie=UTF-8},
 urlaccessdate={23 abr. 2019}
}

@misc{bateria70,
 title   ={Bateria Estacionária 70Ah Heliar Freedom},
 url     ={https://lista.mercadolivre.com.br/bateria-df1000-70ah#D[A:bateria\%20df1000\%2070ah]},
 urlaccessdate={23 abr. 2019}
}

@misc{surtos,
	organization = {Associa{\c c}\~ao Brasileiras de Normas T\'ecnicas},
	title = {Dispositivos de proteção contra surtos em baixa tensão},
	year = {2007},
	Org-Short = {ABNT},
	url = {https://www.abntcatalogo.com.br/norma.aspx?ID=1604},
	urlaccessdate={30 mai. 2019}
}

@misc{instalacao,
	organization = {Associa{\c c}\~ao Brasileiras de Normas T\'ecnicas},
	title = {Electrical installations of buildings - Part 7-712: Requirements for special installations or locations - Solar photovoltaic (PV) power supply systems},
	year = {2002},
	Org-Short = {ABNT},
	url = {https://www.abntcatalogo.com.br/norma.aspx?ID=66749},
	urlaccessdate={30 mai. 2019}
}
